@article{Kitchenham2004,
    author = {Kitchenham, Barbara},
    year = {2004},
    month = {08},
    pages = {},
    title = {Procedures for Performing Systematic Reviews},
    volume = {33},
    journal = {Keele, UK, Keele Univ.}
}
@article{MARSOT2020105386,
    title = {An adaptive pig face recognition approach using Convolutional Neural Networks},
    journal = {Computers and Electronics in Agriculture},
    volume = {173},
    pages = {105386},
    year = {2020},
    issn = {0168-1699},
    doi = {https://doi.org/10.1016/j.compag.2020.105386},
    url = {https://www.sciencedirect.com/science/article/pii/S0168169920300673},
    author = {Mathieu Marsot and Jiangqiang Mei and Xiaocai Shan and Liyong Ye and Peng Feng and Xuejun Yan and Chenfan Li and Yifan Zhao},
    keywords = {Face recognition, CNN, Deep learning, Face detection, Machine learning, Computer vision},
}

@inproceedings{10.1145/3321408.3322628,
    author = {Yao, Liyao and Hu, Zexi and Liu, Caixing and Liu, Hanxing and Kuang, Yingjie and Gao, Yuefang},
    title = {Cow Face Detection and Recognition Based on Automatic Feature Extraction Algorithm},
    year = {2019},
    isbn = {9781450371582},
    publisher = {Association for Computing Machinery},
    address = {New York, NY, USA},
    url = {https://doi.org/10.1145/3321408.3322628},
    doi = {10.1145/3321408.3322628},
    booktitle = {Proceedings of the ACM Turing Celebration Conference - China},
    articleno = {95},
    numpages = {5},
    keywords = {cow face detection, deep neural network, cow face recognition},
    location = {Chengdu, China},
    series = {ACM TURC '19}
}

@InProceedings{10.1007/978-3-030-58583-9_40,
    author="Shi, Xiao
    and Yang, Chenxue
    and Xia, Xue
    and Chai, Xiujuan",
    editor="Vedaldi, Andrea
    and Bischof, Horst
    and Brox, Thomas
    and Frahm, Jan-Michael",
    title="Deep Cross-Species Feature Learning for Animal Face Recognition via Residual Interspecies Equivariant Network",
    booktitle="Computer Vision -- ECCV 2020",
    year="2020",
    publisher="Springer International Publishing",
    address="Cham",
    pages="667--682",
}

@Article{ gujs605631,
	journal = {Gazi University Journal of Science},
	eissn = {2147-1762},
	address = {},
	publisher = {Gazi University},
	year = {2020},
	volume = {33},
	number = {3},
	pages = {831 - 844},
	doi = {10.35378/gujs.605631},
	title = {Deep Learning-Based Architectures for Recognition of Cow Using Cow Nose Image Pattern},
	key = {cite},
	author = {Bello,  Rotimi-williams and Talıb,  Abdullah Zawawi Hj and Mohamed,  Ahmad Sufril Azlan Bin}
}

@Article{Bello2020,
    title = {Image-based Individual Cow Recognition using Body Patterns},
    journal = {International Journal of Advanced Computer Science and Applications},
    doi = {10.14569/IJACSA.2020.0110311},
    url = {http://dx.doi.org/10.14569/IJACSA.2020.0110311},
    year = {2020},
    publisher = {The Science and Information Organization},
    volume = {11},
    number = {3},
    author = {Rotimi-Williams Bello and Abdullah Zawawi Talib and Ahmad Sufril Azlan Mohamed and Daniel A. Olubummo and Firstman Noah Otobo}
}

@inproceedings{inproceedings,
    author = {Kumar, Santosh and Singh, Sanjay},
    year = {2015},
    month = {12},
    pages = {},
    title = {Face Recognition of Cattle},
    doi = {10.1109/ICIIP.2015.7414742}
}

@INPROCEEDINGS{8803125,  
    author={Matkowski, Wojciech Michal and Kong, Adams Wai Kin and Su, Han and Chen, Peng and Hou, Rong and Zhang, Zhihe},
    booktitle={2019 IEEE International Conference on Image Processing (ICIP)},   
    title={Giant Panda Face Recognition Using Small Dataset},   
    year={2019},  
    volume={},  
    number={},  
    pages={1680-1684},  
    doi={10.1109/ICIP.2019.8803125}
}

@Article{Marthur2021,  
    title={Creature Face Recognition Using Neural Networks}, 
    journal = {Annals of R.S.C.B},
    doi={},
    url={https://www.annalsofrscb.ro/index.php/journal/article/view/7469},
    year={2021},
    volume={25},  
    number={6}, 
    pages={10640–10652}, 
    author={Mathur, Rishab and Raizada, Priyal and Dr. Kumar, K Sree and Mr. Amaran, Sibi}
}

﻿@Article{Kumar2016,
    author={Kumar, Santosh
    and Tiwari, Shrikant
    and Singh, Sanjay Kumar},
    title={Face Recognition of Cattle: Can it be Done?},
    journal={Proceedings of the National Academy of Sciences, India Section A: Physical Sciences},
    year={2016},
    month={Jun},
    day={01},
    volume={86},
    number={2},
    pages={137-148},
    issn={2250-1762},
    doi={10.1007/s40010-016-0264-2},
    url={https://doi.org/10.1007/s40010-016-0264-2}
}

@Article{Wang_2020,
	doi = {10.1088/1755-1315/474/3/032030},
	url = {https://doi.org/10.1088/1755-1315/474/3/032030},
	year = 2020,
	month = {apr},
	publisher = {{IOP} Publishing},
	volume = {474},
	number = {3},
	pages = {032030},
	author = {Ke Wang and Changxi Chen and Yuxiang He},
	title = {Research on pig face recognition model based on keras convolutional neural network},
	journal = {{IOP} Conference Series: Earth and Environmental Science}
}

@Article{article,
    author = {Wang, Rong and Shi, Zaifeng and Li, Qifeng and Gao, Ronghua and Zhao, Chunjiang and Feng, Lu},
    year = {2021},
    month = {01},
    pages = {879-890},
    title = {Pig Face Recognition Model Based on a Cascaded Network},
    volume = {37},
    journal = {Applied Engineering in Agriculture},
    doi = {10.13031/aea.14482}
}

@Article{NaokiWada2013,
  title={[Short Paper] Pig Face Recognition Using Eigenspace Method},
  author={Naoki Wada and Mikio Shinya and Michio Shiraishi},
  journal={ITE Transactions on Media Technology and Applications},
  volume={1},
  number={4},
  pages={328-332},
  year={2013},
  doi={10.3169/mta.1.328}
}

﻿@Article{Xue2021,
    author={Xue, Hongcheng and Qin, Junping and Quan, Chao and Ren, Wei and Gao, Tong and Zhao, Jingjing},
    title={Open Set Sheep Face Recognition Based on Euclidean Space Metric},
    journal={Mathematical Problems in Engineering},
    year={2021},
    month={Nov},
    day={12},
    publisher={Hindawi},
    volume={2021},
    pages={3375394},
    issn={1024-123X},
    doi={10.1155/2021/3375394},
    url={https://doi.org/10.1155/2021/3375394}
}

﻿@Article{Clampham2020,
    author={Clapham, Melanie and Miller, Ed and Nguyen, Mary and Darimint, Chris T.},
    title={Automated facial recognition for wildlife that lack unique markings: A deep learning approach for brown bears},
    journal={Ecology and evolution},
    year={2020},
    month={Dec},
    publisher={John Wiley & Sons Ltd.},
    volume={10},
    pages={12883-12892},
    doi={10.1002/ece3.6840},
    url={https://doi.org/10.1002/ece3.6840}
}

@Article{Brito2021,
	url = {https://repositorio.ucs.br/11338/9364},
	year = {2021},
	month = {Jul},
	publisher = {UCS-Universidade de Caxias do Sul},
	author = {Brito, Alexandre},
	title = {Reconhecimento facial bovino: uma alternativa aos métodos tradicionais de rastreio},
}

﻿@Article{Crouse2017,
    author={Crouse, David
    and Jacobs, Rachel L.
    and Richardson, Zach
    and Klum, Scott
    and Jain, Anil
    and Baden, Andrea L.
    and Tecot, Stacey R.},
    title={LemurFaceID: a face recognition system to facilitate individual identification of lemurs},
    journal={BMC Zoology},
    year={2017},
    month={Feb},
    day={17},
    volume={2},
    number={1},
    pages={2},
    issn={2056-3132},
    doi={10.1186/s40850-016-0011-9},
    url={https://doi.org/10.1186/s40850-016-0011-9}
}

@INPROCEEDINGS{9421289,  
    author={Shigang, Wang and Jian, Wang and Meimei, Chen and Jinyang, Wu},  
    booktitle={2021 IEEE Asia-Pacific Conference on Image Processing, Electronics and Computers (IPEC)},   
    title={A pig face recognition method for distinguishing features},   
    year={2021},  
    volume={},  
    number={},  
    pages={972-976},  
    doi={10.1109/IPEC51340.2021.9421289}
}

@Article{Li_2022,
	doi = {10.1088/1742-6596/2171/1/012005},
	url = {https://doi.org/10.1088/1742-6596/2171/1/012005},
	year = 2022,
	month = {jan},
	publisher = {{IOP} Publishing},
	volume = {2171},
	number = {1},
	pages = {012005},
	author = {Guangbo Li and Jun Jiao and Guolong Shi and Huimin Ma and Lichuan Gu and Liang Tao},
	title = {Fast Recognition of Pig Faces Based on Improved Yolov3},
	journal = {Journal of Physics: Conference Series}
}

@Article{HANSEN2018145,
    title = {Towards on-farm pig face recognition using convolutional neural networks},
    journal = {Computers in Industry},
    volume = {98},
    pages = {145-152},
    year = {2018},
    issn = {0166-3615},
    doi = {https://doi.org/10.1016/j.compind.2018.02.016},
    url = {https://www.sciencedirect.com/science/article/pii/S0166361517304992},
    author = {Mark F. Hansen and Melvyn L. Smith and Lyndon N. Smith and Michael G. Salter and Emma M. Baxter and Marianne Farish and Bruce Grieve},
    keywords = {Pig face recognition, Deep learning, Convolutional neural network, Biometrics},
}

@Article{Schofield2019,
    author = {Schofield, Daniel and Nagrani, Arsha and Zisserman, Andrew and Hayashi, Misato and Matsuzawa, Tetsuro and Biro, Dora and Carvalho, Susana},
    title = {Chimpanzee face recognition from videos in the wild using deep learning},
    journal = {Science Advances},
    volume = {5},
    number = {9},
    pages = {eaaw0736},
    year = {2019},
    doi = {10.1126/sciadv.aaw0736},
    URL = {https://www.science.org/doi/abs/10.1126/sciadv.aaw0736},
    eprint = {https://www.science.org/doi/pdf/10.1126/sciadv.aaw0736},
}